%% This BibTeX bibliography file was created using BibDesk.
%% http://bibdesk.sourceforge.net/


%% Created for Enrico Franconi at 2017-02-18 23:36:29 +0100 


%% Saved with string encoding Unicode (UTF-8) 


@string{aaai = {AAAI Press}}

@string{aaai-05 = {Proc.\ of the 20th Nat.\ Conf.\ on Artificial Intelligence (AAAI~2005)}}

@string{aaai-06 = {Proc.\ of the 21st Nat.\ Conf.\ on Artificial Intelligence (AAAI~2006)}}

@string{aaai-07 = {Proc.\ of the 22nd Nat.\ Conf.\ on Artificial Intelligence (AAAI~2007)}}

@string{aaai-10 = {Proc.\ of the 24th Nat.\ Conf.\ on Artificial Intelligence (AAAI~2010)}}

@string{aij = {Artificial Intelligence}}

@string{amai = {Annals of Mathematics and Artificial Intelligence}}

@string{aswc-08 = {Proc.\ of the 3rd Asian Semantic Web Conf.\ (ASWC~2008)}}

@string{aw = {Addison Wesley Publ.\ Co.}}

@string{ceur = {CEUR Workshop Proceedings}}

@string{cup = {Cambridge University Press}}

@string{dis = {Dipartimento di Informatica e Sistemistica, Universit{\`a} di Roma ``La Sapienza''}}

@string{dke = {Data \& Knowledge Engineering}}

@string{er-07 = {Proc.\ of the 26th Int.\ Conf.\ on Conceptual Modeling (ER'07)}}

@string{er-08 = {Proc.\ of the 27th Int.\ Conf.\ on Conceptual Modeling (ER'08)}}

@string{er-10 = {Proc.\ of the 29th Int.\ Conf.\ on Conceptual Modeling (ER'10)}}

@string{er-91 = {Proc.\ of the 10th Int.\ Conf.\ on Conceptual Modeling (ER'91)}}

@string{er-99 = {Proc.\ of the 18th Int.\ Conf.\ on Conceptual Modeling (ER'99)}}

@string{eswc-08 = {Proc.\ of the 5th European Semantic Web Conf.\ (ESWC~2008)}}

@string{ieee-is = {{IEEE} Intelligent Systems}}

@string{ijcai91p = {Proc.\ of the 12th Int.\ Joint Conf.\ on Artificial Intelligence (IJCAI~91)}}

@string{ijcis = {Int.\ Journal of Cooperative Information Systems}}

@string{ios = {IOS Press}}

@string{ipl = {Information Processing Letters}}

@string{iswc-08 = {Proc.\ of the 7th Int.\ Semantic Web Conf.\ (ISWC~2008)}}

@string{jair = {Journal of Artificial Intelligence Research}}

@string{jar = {Journal of Automated Reasoning (JAR)}}

@string{jelia-08 = {Proc.\ of the 11th Eur.\ Conf.\ on Logics in Artificial Intelligence (JELIA~2008)}}

@string{jods = {Journal on Data Semantics}}

@string{jows = {Journal of Web Semantics}}

@string{kr-06 = {Proc.\ of the 10th Int.\ Conf.\ on the Principles of Knowledge Representation and Reasoning (KR~2006)}}

@string{kr-08 = {Proc.\ of the 11th Int.\ Conf.\ on the Principles of Knowledge Representation and Reasoning (KR~2008)}}

@string{kr91l = {Cambridge, MA}}

@string{kr91p = {Proc.\ of the 2nd Int.\ Conf.\ on Principles of Knowledge Representation and Reasoning (KR'91)}}

@string{kr94l = {Bonn, Germany}}

@string{kr94p = {Proc.\ of the 4th Int.\ Conf.\ on Principles of Knowledge Representation and Reasoning (KR'94)}}

@string{kr98l = {Trento, Italy}}

@string{kr98p = {Proc.\ of the 6th Int.\ Conf.\ on Principles of Knowledge Representation and Reasoning (KR'98)}}

@string{krdb-00 = {Proc.\ of the 7th Int.\ Workshop on Knowledge Representation meets Databases (KRDB~2000)}}

@string{lnai = {Lecture Notes in Artificial Intelligence}}

@string{lncs = {Lecture Notes in Computer Science}}

@string{oup = {Oxford University Press}}

@string{pods-02 = {Proc.\ of the 21st ACM SIGACT SIGMOD SIGART Symp.\ on Principles of Database Systems (PODS~2002)}}

@string{pods-97 = {Proc.\ of the 16th ACM SIGACT SIGMOD SIGART Symp.\ on Principles of Database Systems (PODS'97)}}

@string{sigmodr = {{SIGMOD} Record}}

@string{sv = {Springer}}

@string{tcs = {Theoretical Computer Science}}

@string{tkde = {{IEEE} Transactions on Knowledge and Data Engineering}}

@string{tocl = {{ACM} Transactions on Computational Logic}}

@string{tods = {{ACM} Transactions on Database Systems}}


@article{DBLP:journals/jair/FranconiKN13,
	Author = {Enrico Franconi and Volha Kerhet and Nhung Ngo},
	Bibsource = {dblp computer science bibliography, http://dblp.org},
	Biburl = {http://dblp.uni-trier.de/rec/bib/journals/jair/FranconiKN13},
	Date-Added = {2017-02-18 22:36:16 +0000},
	Date-Modified = {2017-02-18 22:36:16 +0000},
	Doi = {10.1613/jair.4058},
	Journal = {J. Artif. Intell. Res. {(JAIR)}},
	Pages = {885--922},
	Timestamp = {Tue, 31 Dec 2013 11:50:14 +0100},
	Title = {Exact Query Reformulation over Databases with First-order and Description Logics Ontologies},
	Url = {http://dx.doi.org/10.1613/jair.4058},
	Volume = {48},
	Year = {2013},
	Bdsk-Url-1 = {http://dx.doi.org/10.1613/jair.4058}}

@article{DBLP:journals/jair/CateFS13,
	Author = {Balder ten Cate and Enrico Franconi and Inan{\c{c}} Seylan},
	Bibsource = {dblp computer science bibliography, http://dblp.org},
	Biburl = {http://dblp.uni-trier.de/rec/bib/journals/jair/CateFS13},
	Date-Added = {2017-02-18 22:35:23 +0000},
	Date-Modified = {2017-02-18 22:35:23 +0000},
	Doi = {10.1613/jair.4057},
	Journal = {J. Artif. Intell. Res. {(JAIR)}},
	Pages = {347--414},
	Timestamp = {Thu, 21 Nov 2013 07:33:46 +0100},
	Title = {Beth Definability in Expressive Description Logics},
	Url = {http://dx.doi.org/10.1613/jair.4057},
	Volume = {48},
	Year = {2013},
	Bdsk-Url-1 = {http://dx.doi.org/10.1613/jair.4057}}

@incollection{Kanellakis:1990:chapter,
	Author = {Kanellakis, Paris C.},
	Booktitle = {The Handbook of Theoretical Computer Science},
	Chapter = {17},
	Date-Added = {2017-02-18 07:23:31 +0000},
	Date-Modified = {2017-02-18 07:27:28 +0000},
	Editor = {A.R. Meyer and M. Nivat and M.S. Paterson and D. Perrin and J. van Leeuwen},
	Pages = {1075-1144},
	Publisher = {North Holland},
	Title = {Elements of Relational Database Theory},
	Volume = {B},
	Year = {1990}}

@inproceedings{DBLP:conf/otm/SportelliF16,
	Author = {Francesco Sportelli and Enrico Franconi},
	Bibsource = {dblp computer science bibliography, http://dblp.org},
	Biburl = {http://dblp.uni-trier.de/rec/bib/conf/otm/SportelliF16},
	Booktitle = {{ODBASE} Conference 2016},
	Date-Added = {2017-02-15 14:06:14 +0000},
	Date-Modified = {2017-02-15 14:07:44 +0000},
	Doi = {10.1007/978-3-319-48472-3_52},
	Pages = {827--843},
	Timestamp = {Tue, 18 Oct 2016 15:02:12 +0200},
	Title = {Formalisation of {ORM} Derivation Rules and Their Mapping into {OWL}},
	Url = {http://dx.doi.org/10.1007/978-3-319-48472-3_52},
	Year = {2016},
	Bdsk-Url-1 = {http://dx.doi.org/10.1007/978-3-319-48472-3_52}}

@inproceedings{DBLP:conf/otm/FranconiMS12,
	Author = {Enrico Franconi and Alessandro Mosca and Dmitry Solomakhin},
	Bibsource = {dblp computer science bibliography, http://dblp.org},
	Biburl = {http://dblp.uni-trier.de/rec/bib/conf/otm/FranconiMS12},
	Booktitle = {International Workshop on Fact-Oriented Modeling (ORM 2012)},
	Date-Added = {2017-02-15 14:05:10 +0000},
	Date-Modified = {2017-02-15 14:08:16 +0000},
	Doi = {10.1007/978-3-642-33618-8_51},
	Pages = {368--378},
	Timestamp = {Mon, 28 Jan 2013 10:41:53 +0100},
	Title = {{ORM2:} Formalisation and Encoding in {OWL2}},
	Url = {http://dx.doi.org/10.1007/978-3-642-33618-8_51},
	Year = {2012},
	Bdsk-Url-1 = {http://dx.doi.org/10.1007/978-3-642-33618-8_51}}

@article{Calvanese:et:al:TOCL-2008,
	Acmid = {1352590},
	Address = {New York, NY, USA},
	Articleno = {22},
	Author = {Calvanese, Diego and Giacomo, Giuseppe De and Lenzerini, Maurizio},
	Date-Added = {2017-02-15 10:43:29 +0000},
	Date-Modified = {2017-02-15 10:43:50 +0000},
	Doi = {10.1145/1352582.1352590},
	Issn = {1529-3785},
	Issue_Date = {June 2008},
	Journal = {ACM Trans. Comput. Logic},
	Keywords = {Description logics, computational compexity, conjunctve queries, query containment},
	Month = jun,
	Number = {3},
	Numpages = {31},
	Pages = {22:1--22:31},
	Publisher = {ACM},
	Title = {Conjunctive Query Containment and Answering Under Description Logic Constraints},
	Url = {http://doi.acm.org/10.1145/1352582.1352590},
	Volume = {9},
	Year = {2008},
	Bdsk-Url-1 = {http://doi.acm.org/10.1145/1352582.1352590},
	Bdsk-Url-2 = {http://dx.doi.org/10.1145/1352582.1352590}}

@inproceedings{TomanW09,
	Author = {David Toman and Grant E. Weddell},
	Bibsource = {dblp computer science bibliography, http://dblp.org},
	Biburl = {http://dblp.uni-trier.de/rec/bib/conf/ijcai/TomanW09},
	Booktitle = {{IJCAI} 2009, Proceedings of the 21st International Joint Conference on Artificial Intelligence},
	Date-Added = {2017-02-05 16:40:40 +0000},
	Date-Modified = {2017-02-05 16:41:30 +0000},
	Pages = {948--954},
	Timestamp = {Wed, 20 Jul 2016 14:20:40 +0200},
	Title = {Applications and Extensions of {PTIME} Description Logics with Functional Constraints},
	Url = {http://ijcai.org/Proceedings/09/Papers/161.pdf},
	Year = {2009},
	Bdsk-Url-1 = {http://ijcai.org/Proceedings/09/Papers/161.pdf}}

@phdthesis{Halpin1989,
	Author = {Terry Halpin},
	Date-Added = {2017-01-25 01:36:25 +0000},
	Date-Modified = {2017-01-25 01:37:49 +0000},
	School = {Department of Computer Science, University of Queensland, Australia},
	Title = {A Logical Analysis of Information Systems: Static Aspects of the Data-oriented Perspective},
	Year = 1989}

@book{Halpin2008,
	Author = {Terry Halpin and Tony Morgan},
	Date-Added = {2017-01-25 01:36:25 +0000},
	Date-Modified = {2017-01-25 01:37:14 +0000},
	Edition = {2nd},
	Publisher = {Morgan Kaufmann},
	Title = {Information Modeling and Relational Databases},
	Year = 2008}

@inproceedings{DBLP:conf/dlog/ArtaleF16,
	Author = {Alessandro Artale and Enrico Franconi},
	Bibsource = {dblp computer science bibliography, http://dblp.org},
	Biburl = {http://dblp.uni-trier.de/rec/bib/conf/dlog/ArtaleF16},
	Booktitle = {Proceedings of the 29th International Workshop on Description Logics (DL-2016)},
	Date-Added = {2016-05-09 14:55:20 +0000},
	Date-Modified = {2017-02-15 09:52:18 +0000},
	Timestamp = {Wed, 27 Apr 2016 17:57:58 +0200},
	Title = {Extending {DLR} with Labelled Tuples, Projections, Functional Dependencies and Objectification},
	Url = {http://ceur-ws.org/Vol-1577/paper_6.pdf},
	Year = {2016},
	Bdsk-Url-1 = {http://ceur-ws.org/Vol-1577/paper_6.pdf}}

@inproceedings{DBLP:conf/otm/FranconiM13,
	Author = {Enrico Franconi and Alessandro Mosca},
	Bibsource = {DBLP, http://dblp.uni-trier.de},
	Booktitle = {International Workshop on Fact-Oriented Modeling (ORM 2013)},
	Date-Added = {2016-02-17 07:48:19 +0000},
	Date-Modified = {2017-02-15 14:08:04 +0000},
	Ee = {http://dx.doi.org/10.1007/978-3-642-41033-8_58},
	Isbn = {978-3-642-41032-1},
	Pages = {448-456},
	Publisher = {Springer},
	Series = {Lecture Notes in Computer Science},
	Title = {Towards a Core {ORM2} Language (Research Note)},
	Volume = {8186},
	Year = {2013}}

@inproceedings{DBLP:conf/lop/LichtensteinPZ85,
	Author = {Orna Lichtenstein and Amir Pnueli and Lenore D. Zuck},
	Booktitle = {Proc.\ of the Conf.\ on Logic of Programs},
	Pages = {196--218},
	Publisher = SV,
	Series = LNCS,
	Title = {The Glory of the Past},
	Volume = {193},
	Year = {1985}}

@inproceedings{DBLP:conf/cade/BaaderBL13,
	Author = {F. Baader and S. Borgwardt and M. Lippmann},
	Booktitle = {Proc.\ of the 24th Int.\ Conf.\ on Automated Deduction (CADE-24)},
	Pages = {330--344},
	Publisher = SV,
	Series = LNCS,
	Title = {Temporalizing Ontology-Based Data Access},
	Volume = {7898},
	Year = {2013}}

@article{DBLP:journals/ws/Motik12,
	Author = {Boris Motik},
	Journal = {Journal of Web Semantics},
	Pages = {3--21},
	Title = {Representing and querying validity time in {RDF} and {OWL}: A logic-based approach},
	Volume = {12},
	Year = {2012}}

@inproceedings{DBLP:conf/frocos/BorgwardtLT13,
	Author = {S. Borgwardt and M. Lippmann and V. Thost},
	Booktitle = {Proc.\ of the 9th Int.\ Symposium on Frontiers of Combining Systems (FroCoS 2013)},
	Pages = {165--180},
	Publisher = SV,
	Series = LNCS,
	Title = {Temporal Query Answering in the Description Logic {DL-Lite}},
	Volume = {8152},
	Year = {2013}}

@inproceedings{DBLP:conf/rweb/KontchakovRZ13,
	Author = {R. Kontchakov and M. Rodriguez-Muro and M. Zakharyaschev},
	Booktitle = {Reasoning Web. The 9th Int.\ Summer School on Semantic Technologies for Intelligent Data Access},
	Pages = {194--229},
	Publisher = SV,
	Series = LNCS,
	Title = {Ontology-Based Data Access with Databases: A Short Course},
	Volume = 8067,
	Year = {2013}}

@inproceedings{DBLP:conf/rweb/PolleresHDU13,
	Author = {A. Polleres and A. Hogan and R. Delbru and J. Umbrich},
	Booktitle = {Reasoning Web. The 9th Int.\ Summer School on Semantic Technologies for Intelligent Data Access},
	Pages = {91--149},
	Publisher = SV,
	Series = LNCS,
	Title = {{RDFS} and {OWL} Reasoning for {L}inked {D}ata},
	Volume = {8067},
	Year = {2013}}

@inproceedings{ArtaleKWZ13,
	Author = {A. Artale and R. Kontchakov and F. Wolter and M. Zakharyaschev},
	Booktitle = {Proc.\ of the 23rd Int.\ Joint Conf.\ on Artificial Intelligence (IJCAI 2013)},
	Pages = {711--717},
	Publisher = {AAAI Press},
	Title = {Temporal Description Logic for Ontology-Based Data Access},
	Year = {2013}}

@article{CDLLR07,
	Author = {D. Calvanese and De Giacomo, G. and D. Lembo and M. Lenzerini and R. Rosati},
	Journal = JAR,
	Number = 3,
	Pages = {385--429},
	Title = {Tractable Reasoning and Efficient Query Answering in Description Logics: The {{\textit{DL-Lite}}} Family},
	Volume = 39,
	Year = 2007}

@article{DBLP:journals/corr/abs-0812-4848,
	Author = {M. Bauland and T. Schneider and H. Schnoor and I. Schnoor and H. Vollmer},
	Journal = {Logical Methods in Computer Science},
	Number = {1},
	Title = {The Complexity of Generalized Satisfiability for Linear Temporal Logic},
	Volume = {5},
	Year = {2009}}

@inproceedings{GollerJL12,
	Author = {Stefan G{\"o}ller and Jean Christoph Jung and Markus Lohrey},
	Booktitle = {Proc.\ of the 27th Annual IEEE Symposium on Logic in Computer Science (LICS 2012)},
	Pages = {325--334},
	Publisher = {IEEE},
	Title = {The Complexity of Decomposing Modal and First-Order Theories},
	Year = {2012}}

@inproceedings{GutierrezHV05,
	Author = {Claudio Guti{\'e}rrez and Carlos A. Hurtado and Alejandro A. Vaisman},
	Booktitle = {Proc.\ of the 2nd European Semantic Web Conf.\ (ESWC 2005)},
	Pages = {93--107},
	Publisher = {Springer},
	Series = LNCS,
	Title = {Temporal {RDF}},
	Volume = {3532},
	Year = {2005}}

@article{GabelaiaKWZ05,
	Author = {David Gabelaia and Agi Kurucz and Frank Wolter and Michael Zakharyaschev},
	Journal = {Journal of Symbolic Logic},
	Number = {3},
	Pages = {993--1021},
	Title = {Products of 'transitive' modal logics},
	Volume = {70},
	Year = {2005}}

@incollection{Kurucz07,
	Author = {A. Kurucz},
	Booktitle = {Handbook of Modal Logic},
	Editor = {P. Blackburn and J. {van B}enthem and F. Wolter},
	Pages = {869--924},
	Publisher = {Elsevier},
	Series = {Studies in Logic and Practical Reasoning},
	Title = {Combining modal logics},
	Volume = {3},
	Year = {2007}}

@article{ChomickiTB:01,
	Author = {Jan Chomicki and David Toman and Michael H. B{\"o}hlen},
	Journal = TODS,
	Number = {2},
	Pages = {145--178},
	Title = {Querying {ATSQL} databases with temporal logic},
	Volume = {26},
	Year = {2001}}

@inproceedings{HalpernR81,
	Author = {Joseph Y. Halpern and John H. Reif},
	Booktitle = {22nd Annual Symposium on Foundations of Computer Science (FOCS'81)},
	Pages = {322--334},
	Publisher = {IEEE Computer Society},
	Title = {The Propositional Dynamic Logic of Deterministic, Well-Structured Programs (Extended Abstract)},
	Year = {1981}}

@book{Apostol76,
	Author = {T. Apostol},
	Publisher = {Springer},
	Title = {Introduction to Analytic Number Theory},
	Year = 1976}

@inproceedings{StockmeyerM73,
	Author = {Larry J. Stockmeyer and Albert R. Meyer},
	Booktitle = {Proc.\ of the 5th Annual ACM Symposium on Theory of Computing (STOC'73)},
	Pages = {1--9},
	Publisher = {ACM},
	Title = {Word Problems Requiring Exponential Time: Preliminary Report},
	Year = {1973}}

@inproceedings{Gutierrez-BasultoK12,
	Author = {V\'{\i}ctor Guti{\'e}rrez-Basulto and Szymon Klarman},
	Booktitle = {Proc.\ of the 6th Int.\ Conf.\ on Web Reasoning and Rule Systems (RR 2012)},
	Pages = {90--105},
	Publisher = SV,
	Series = LNCS,
	Title = {Towards a Unifying Approach to Representing and Querying Temporal Data in Description Logics},
	Volume = 7497,
	Year = {2012}}

@phdthesis{Guensel05,
	Author = {Christian Guensel},
	School = {University of Liverpool},
	Title = {A Tableaux-Based Reasoner for Temporalised Description Logics},
	Year = {2005}}

@article{HaSh91,
	Author = {J. Y. Halpern and Y. Shoham},
	Journal = {Journal of ACM},
	Number = {4},
	Pages = {935-962},
	Title = {A Propositional Modal Logic of Time Intervals},
	Volume = {38},
	Year = {1991}}

@inproceedings{HustadtKRV04,
	Author = {Ullrich Hustadt and Boris Konev and Alexandre Riazanov and Andrei Voronkov},
	Booktitle = {Proc.\ of the 2nd Int.\ Joint Conf.\ on Automated Reasoning (IJCAR 2004)},
	Pages = {326--330},
	Publisher = SV,
	Series = LNCS,
	Title = {{TeMP}: A Temporal Monodic Prover},
	Volume = 3097,
	Year = 2004}

@article{LudwigH10,
	Author = {Michel Ludwig and Ullrich Hustadt},
	Journal = {AI Communications},
	Number = {2--3},
	Pages = {69--96},
	Title = {Implementing a fair monodic temporal logic prover},
	Volume = {23},
	Year = {2010}}

@proceedings{DBLP:conf/cade/2004,
	Bibsource = {DBLP, http://dblp.uni-trier.de},
	Editor = {David A. Basin and Micha{\"e}l Rusinowitch},
	Isbn = {3-540-22345-2}}

@article{DBLP:journals/tocl/FisherDP01,
	Author = {Michael Fisher and Clare Dixon and Martin Peim},
	Journal = TOCL,
	Number = {1},
	Pages = {12--56},
	Title = {Clausal temporal resolution},
	Volume = {2},
	Year = {2001}}

@inproceedings{DBLP:conf/ijcai/DixonFK07,
	Author = {C. Dixon and M. Fisher and B. Konev},
	Booktitle = {Proc.\ of the 20th Int.\ Joint Conf.\ on Artificial Intelligence (IJCAI 07)},
	Opteditor = {Manuela M. Veloso},
	Pages = {318--323},
	Title = {Tractable Temporal Reasoning},
	Year = {2007}}

@article{KontchakovLWZ04,
	Author = {Roman Kontchakov and Carsten Lutz and Frank Wolter and Michael Zakharyaschev},
	Bibsource = {DBLP, http://dblp.uni-trier.de},
	Ee = {http://dx.doi.org/10.1023/B:STUD.0000027468.28935.6d},
	Journal = {Studia Logica},
	Number = {1},
	Pages = {91-134},
	Title = {Temporalising Tableaux},
	Volume = {76},
	Year = {2004}}

@article{LutzSWZ02,
	Author = {Carsten Lutz and Holger Sturm and Frank Wolter and Michael Zakharyaschev},
	Bibsource = {DBLP, http://dblp.uni-trier.de},
	Ee = {http://dx.doi.org/10.1023/A:1021308527417},
	Journal = {Studia Logica},
	Number = {2},
	Pages = {199-232},
	Title = {A Tableau Decision Algorithm for Modalized {ALC} with Constant Domains},
	Volume = {72},
	Year = {2002}}

@article{DegtyarevFK06,
	Author = {Anatoli Degtyarev and Michael Fisher and Boris Konev},
	Bibsource = {DBLP, http://dblp.uni-trier.de},
	Ee = {http://doi.acm.org/10.1145/1119439.1119443},
	Journal = TOCL,
	Number = {1},
	Pages = {108--150},
	Title = {Monodic temporal resolution},
	Volume = {7},
	Year = {2006}}

@inproceedings{DBLP:conf/ijcai/Fisher91,
	Author = {Michael Fisher},
	Booktitle = IJCAI91P,
	Opteditor = {John Mylopoulos and Raymond Reiter},
	Pages = {99--104},
	Publisher = {Morgan Kaufmann},
	Title = {A Resolution Method for Temporal Logic},
	Year = {1991}}

@article{Plaisted86,
	Author = {D. Plaisted},
	Journal = JAR,
	Pages = {171--190},
	Title = {A decision procedure for combinations of propositional temporal logic and other specialized theories},
	Volume = {2},
	Year = {1986}}

@inproceedings{Rabi:10,
	Author = {Alexander Rabinovich},
	Booktitle = {Proc. of the 4th Int.\ Workshop on Reachability Problems},
	Pages = {29--50},
	Publisher = SV,
	Series = LNCS,
	Title = {Temporal Logics over Linear Time Domains Are in {PSPACE}},
	Volume = {6227},
	Year = {2010}}

@proceedings{DBLP:conf/rp/2010,
	Booktitle = {RP},
	Editor = {Anton\'{\i}n Kucera and Igor Potapov},
	Publisher = SV,
	Series = LNCS,
	Title = {Reachability Problems, 4th International Workshop, RP 2010, Brno, Czech Republic, August 28-29, 2010. Proceedings},
	Volume = 6227,
	Year = {2010}}

@article{OnoNakamura80,
	Author = {H. Ono and A. Nakamura},
	Journal = {Studia Logica},
	Pages = {325--333},
	Title = {On the size of refutation {K}ripke models for some linear modal and tense logics},
	Volume = {39},
	Year = {1980}}

@article{Chen76,
	Acmid = {320440},
	Address = {New York, NY, USA},
	Author = {Chen, Peter Pin-Shan},
	Doi = {http://doi.acm.org/10.1145/320434.320440},
	Issn = {0362-5915},
	Journal = TODS,
	Keywords = {Data Base Task Group, data definition and manipulation, data integrity and consistency, data models, database design, entity set model, entity-relationship model, logigcal view of data, network model, relational model, semantics of data},
	Numpages = {28},
	Pages = {9--36},
	Publisher = {ACM},
	Title = {The {E}ntity-{R}elationship model---toward a unified view of data},
	Url = {http://doi.acm.org/10.1145/320434.320440},
	Volume = {1},
	Year = {1976},
	Bdsk-Url-1 = {http://doi.acm.org/10.1145/320434.320440}}

@article{ChenLin93,
	Author = {C.-C. Chen and I-P. Lin},
	Journal = {Information Processing Letters},
	Number = {3},
	Pages = {131--136},
	Publisher = {Elsevier},
	Title = {The computational complexity of satisfiability of temporal {Horn} formulas in propositional linear-time temporal logic},
	Volume = {45},
	Year = {1993}}

@article{DBLP:journals/iandc/DemriS02,
	Author = {S. Demri and Ph. Schnoebelen},
	Journal = {Information and Compuation},
	Number = {1},
	Pages = {84--103},
	Title = {The Complexity of Propositional Linear Temporal Logics in Simple Cases},
	Volume = {174},
	Year = {2002}}

@article{Markey04,
	Author = {N. Markey},
	Bibsource = {DBLP, http://dblp.uni-trier.de},
	Ee = {http://dx.doi.org/10.1007/s00236-003-0136-5},
	Journal = {Acta Informatica},
	Number = {6--7},
	Pages = {431-458},
	Title = {Past is for free: on the complexity of verifying linear temporal properties with past},
	Volume = {40},
	Year = {2004}}

@inproceedings{SistlaClarke82,
	Author = {A. Prasad Sistla and Edmund M. Clarke},
	Booktitle = {Proc.\ of the 14th Annual ACM Symposium on Theory of Computing (STOC'82)},
	Pages = {159--168},
	Publisher = {ACM},
	Title = {The Complexity of Propositional Linear Temporal Logics},
	Year = 1982}

@article{allen:83,
	Author = {J. Allen},
	Journal = CACM,
	Number = {11},
	Title = {Maintaining Knowledge about Temporal Intervals},
	Volume = {26},
	Year = {1983}}

@article{artale:et:al:ieee-96,
	Author = {Alessandro Artale and Francesca Cesarini and Giovanni Soda},
	Journal = TKDE,
	Number = 2,
	Pages = {345--351},
	Title = {Describing Database Objects in a Concept Language Environment},
	Volume = 8,
	Year = 1996}

@article{ArFr98,
	Author = {Alessandro Artale and Enrico Franconi},
	Journal = JAIR,
	Pages = {463-506},
	Title = {A Temporal Description Logic for Reasoning about Actions and Plans},
	Volume = {9},
	Year = {1998}}

@inproceedings{Ar:Fr:er-99,
	Author = {A. Artale and E. Franconi},
	Booktitle = ER-99,
	Pages = {81--95},
	Publisher = SV,
	Series = LNCS,
	Title = {Temporal {ER} Modeling with Description Logics},
	Volume = 1728,
	Year = 1999}

@article{ArFr01,
	Author = {A. Artale and E. Franconi},
	Journal = AMAI,
	Number = {1--4},
	Pages = {171--210},
	Publisher = {Kluwer},
	Title = {A Survey of Temporal Extensions of Description Logics},
	Volume = {30},
	Year = 2001}

@inproceedings{AFWZ:02,
	Author = {A. Artale and E. Franconi and F. Wolter and M. Zakharyaschev},
	Booktitle = {Proc.\ of the 8th Joint European Conf.\ on Logics in Artificial Intelligence (JELIA-02)},
	Opteditor = {S. Flesca and S. Greco and N. Leone and G. Ianni},
	Pages = {98--110},
	Publisher = SV,
	Series = LNAI,
	Title = {A Temporal Description Logic for Reasoning about Conceptual Schemas and Queries},
	Volume = 2424,
	Year = {2002}}

@incollection{AFM:lead03,
	Author = {A. Artale and E. Franconi and F. Mandreoli},
	Booktitle = {Logics for Emerging Applications of Databases},
	Opteditor = {J. Chomicki and R. van der Meyden and G. Saake},
	Pages = {239--275},
	Publisher = SV,
	Title = {Description Logics for Modelling Dynamic Information},
	Year = {2003}}

@inproceedings{artale:time04,
	Author = {A. Artale},
	Booktitle = {Proc.\ of the 11th Int.\ Symposium on Temporal Representation and Reasoning (TIME04)},
	Note = {Also in Proc. of the 2004 Int. Workshop on Description Logics (DL'04)},
	Publisher = {IEEE Computer Society},
	Title = {Reasoning on Temporal Conceptual Schemas with Dynamic Constraints},
	Year = 2004}

@incollection{AF05,
	Author = {A. Artale and E. Franconi},
	Booktitle = {Handbook of Temporal Reasoning in Artificial Intelligence},
	Opteditor = {M. Fisher and D. Gabbay and L. Vila},
	Pages = {375--388},
	Publisher = {Elsevier},
	Series = {Foundations of Artificial Intelligence},
	Title = {Temporal Description Logics},
	Year = 2005}

@article{artale:amai-06,
	Author = {A. Artale},
	Journal = AMAI,
	Pages = {265--288},
	Publisher = SV,
	Title = {Reasoning on Temporal Class Diagrams: Undecidability Results},
	Volume = 46,
	Year = 2006}

@inproceedings{ALT:dl06,
	Address = {The Lake District, UK},
	Author = {A. Artale and C. Lutz and D. Toman},
	Booktitle = {Workshop Notes of the Int. Workshop on Description Logics. DL-06},
	Title = {A Description Logic of Change},
	Year = 2006}

@inproceedings{APS:foiks06,
	Author = {A. Artale and C. Parent and S. Spaccapietra},
	Booktitle = {4th Int. Symposium on Foundations of Information and Knowledge Systems ({FoIKS-06})},
	Pages = {22--42},
	Publisher = SV,
	Series = LNCS,
	Title = {Modeling the Evolution of Objects in Temporal Information Systems},
	Volume = 3861,
	Year = {2006}}

@inproceedings{ALT:ijcai07,
	Author = {A. Artale and C. Lutz and D. Toman},
	Booktitle = {Proc.\ of the 20th Int.\ Joint Conf.\ on Artificial Intelligence (IJCAI-07)},
	Optaddress = {Hyderabad, India},
	Pages = {218--223},
	Title = {A Description Logic of Change},
	Year = 2007}

@inproceedings{AKLWZ:time07,
	Author = {A. Artale and R. Kontchakov and C. Lutz and F. Wolter and M. Zakharyaschev},
	Booktitle = {Proc.\ of the 14th Int.\ Symposium on Temporal Representation and Reasoning (TIME07)},
	Pages = {11--22},
	Publisher = {IEEE Computer Society},
	Title = {Temporalising Tractable Description Logics},
	Year = {2007}}

@article{APS:amai07,
	Author = {A. Artale and C. Parent and S. Spaccapietra},
	Journal = AMAI,
	Number = {1--2},
	Pages = {5--38},
	Title = {Evolving objects in temporal information systems},
	Volume = {50},
	Year = {2007}}

@inproceedings{ACKZ:aaai07,
	Author = {A. Artale and D. Calvanese and R. Kontchakov and M. Zakharyaschev},
	Booktitle = AAAI-07,
	Pages = {361--366},
	Publisher = AAAI,
	Title = {{DL-Lite} in the Light of First-Order Logic},
	Year = 2007}

@inproceedings{ACKRZ:er07,
	Author = {A. Artale and D. Calvanese and R. Kontchakov and V. Ryzhikov and M. Zakharyaschev},
	Booktitle = ER-07,
	Optaddress = {Auckland, New Zealand},
	Pages = {277--292},
	Publisher = SV,
	Series = LNCS,
	Title = {Reasoning over Extended {ER} Models},
	Volume = 4801,
	Year = 2007}

@inproceedings{AT:DL08,
	Address = {Dresden, Germany},
	Author = {A. Artale and D. Toman},
	Booktitle = {Proc.\ of the 21st Int.\ Workshop on Description Logics (DL-08)},
	Month = {May},
	Title = {Decidable Reasoning over Timestamped Conceptual Models},
	Year = 2008}

@incollection{artale:franconi:john09,
	Author = {Alessandro Artale and Enrico Franconi},
	Booktitle = {Conceptual Modeling: Foundations and Applications},
	Opteditor = {A. Borgida and V. Chaudhri and P. Giorgini and E. Yu},
	Pages = {10--35},
	Publisher = SV,
	Series = LNCS,
	Title = {Foundations of Temporal Conceptual Data Models},
	Volume = {5600},
	Year = {2009}}

@inproceedings{AKRZ:09,
	Author = {Alessandro Artale and Roman Kontchakov and Vlad Ryzhikov and Michael Zakharyaschev},
	Booktitle = {Proc.\ of the 7th Int.\ Symposium on Frontiers of Combining Systems (FroCoS-09)},
	Pages = {133--148},
	Publisher = SV,
	Series = LNCS,
	Title = {{DL-Lite} with Temporalised Concepts, Rigid Axioms and Roles},
	Volume = 5749,
	Year = 2009}

@article{ACKZ:jair09,
	Author = {A. Artale and D. Calvanese and R. Kontchakov and M. Zakharyaschev},
	Journal = JAIR,
	Pages = {1-69},
	Title = {The {DL-Lite} Family and Relations},
	Volume = {36},
	Year = {2009}}

@inproceedings{ACI:er10,
	Author = {A. Artale and D. Calvanese and A. {Ib\'a\~nez-Garc\'ia}},
	Booktitle = ER-10,
	Series = LNCS,
	Title = {Full Satisfiability of {UML} Class Diagrams},
	Volume = 4801,
	Year = {2010}}

@inproceedings{AKRZ:ER10,
	Author = {Alessandro Artale and Roman Kontchakov and Vladislav Ryzhikov and Michael Zakharyaschev},
	Booktitle = ER-10,
	Pages = {277--292},
	Publisher = SV,
	Series = LNCS,
	Title = {Complexity of Reasoning over Temporal Data Models},
	Volume = 4801,
	Year = 2010}

@inproceedings{AKRZ:aaai10,
	Author = {A. Artale and R. Kontchakov and V. Ryzhikov and M. Zakharyaschev},
	Booktitle = AAAI-10,
	Publisher = AAAI,
	Title = {Past and Future of {DL-Lite}},
	Year = 2010}

@inproceedings{AKR:ECAI12,
	Author = {Alessandro Artale and Roman Kontchakov and Vladislav Ryzhikov},
	Booktitle = {Proc.\ of the 20th European Conf.\ on Artificial Intelligence (ECAI~2012)},
	Publisher = {IOS Press},
	Title = {\textit{DL-Lite} with Attributes and Datatypes},
	Year = 2012}

@mastersthesis{bassel:03,
	Author = {B. Ahmad},
	School = {{UMIST} Department of Computation, UK},
	Title = {Modeling Bi-Temporal Databases},
	Year = {2003}}

@article{BeSa92,
	Author = {Sonia Bergamaschi and Claudio Sartori},
	Journal = TODS,
	Number = 3,
	Pages = {385--422},
	Title = {On Taxonomic Reasoning in Conceptual Design},
	Volume = 17,
	Year = 1992}

@article{BeCD05-AIJ-2005,
	Author = {D. Berardi and D. Calvanese and De Giacomo, G.},
	Bibsection = {JRN},
	Journal = AIJ,
	Number = {1--2},
	Pages = {70--118},
	Title = {Reasoning on {UML} Class Diagrams},
	Volume = 168,
	Year = 2005}

@inproceedings{BeLR97,
	Author = {Catriel Beeri and Alon Y. Levy and Marie-Christine Rousset},
	Booktitle = PODS-97,
	Pages = {99--108},
	Title = {Rewriting Queries Using Views in Description Logics},
	Year = 1997}

@book{BoGG97,
	Author = {E. B{\"o}rger and E. Gr{\"a}del and Y. Gurevich},
	Publisher = SV,
	Series = {Perspectives in Mathematical Logic},
	Title = {The Classical Decision Problem},
	Year = 1997}

@incollection{BoBr03,
	Author = {Alexander Borgida and Ronald J. Brachman},
	Chapter = 10,
	Crossref = {BCMNP03},
	Pages = {349--372},
	Title = {Conceptual Modeling with Description Logics},
	Year = 2003}

@book{BCMNP03,
	Editor = {Franz Baader and Diego Calvanese and Deborah McGuinness and Daniele Nardi and Peter F. Patel-Schneider},
	Nobooktitle = {The Description Logic Handbook: {T}heory, Implementation and Applications},
	Optnote = {(2nd edition, 2007)},
	Publisher = CUP,
	Title = {The Description Logic Handbook: {T}heory, Implementation and Applications},
	Year = 2003}

@incollection{calvanese:et:al:98a,
	Author = {D. Calvanese and M. Lenzerini and D. Nardi},
	Booktitle = {Logics for Databases and Information Systems},
	Editor = {J. Chomicki and G. Saake},
	Publisher = {Kluwer},
	Title = {Description Logics for Conceptual Data Modeling},
	Year = 1998}

@inproceedings{calvanese:et:al:98b,
	Author = {D. Calvanese and G. {De Giacomo} and M. Lenzerini},
	Booktitle = {Proc. of the 17th ACM Sym. on Principles of Database Systems (PODS'98)},
	Pages = {149-158},
	Title = {On the Decidability of Query Containment under Constraints},
	Year = 1998}

@inproceedings{CDLNR98,
	Author = {Diego Calvanese and De Giacomo, Giuseppe and Maurizio Lenzerini and Daniele Nardi and Riccardo Rosati},
	Booktitle = KR98P,
	Pages = {2--13},
	Title = {Description Logic Framework for Information Integration},
	Year = 1998}

@article{calvanese-et-al:jair-99,
	Author = {D. Calvanese and M. Lenzerini and D. Nardi},
	Journal = JAIR,
	Pages = {199--240},
	Title = {Unifying Class-Based Representation Formalisms},
	Volume = 11,
	Year = 1999}

@incollection{CDLN-handbook-AR-2001,
	Author = {Diego Calvanese and De Giacomo, Giuseppe and Maurizio Lenzerini and Daniele Nardi},
	Booktitle = {Handbook of Automated Reasoning},
	Opteditor = {Alan Robinson and Andrei Voronkov},
	Pages = {1581-1634},
	Publisher = {Elsevier Science Publishers},
	Title = {Reasoning in Expressive Description Logics},
	Volume = {II},
	Year = {2001}}

@incollection{CaDL02d,
	Author = {Diego Calvanese and De Giacomo, Giuseppe and Maurizio Lenzerini},
	Booktitle = {Computational Logic: {L}ogic Programming and Beyond, Essays in Honour of {R}obert {A}.\ {K}owalski},
	Editor = {A. Kakas and F. Sadri},
	Pages = {41--60},
	Publisher = SV,
	Series = LNCS,
	Title = {Description Logics for Information Integration},
	Volume = 2408,
	Year = 2002}

@incollection{CaDL02c,
	Author = {Diego Calvanese and De Giacomo, Giuseppe and Maurizio Lenzerini},
	Booktitle = {The Emerging Semantic Web~--- Selected Papers from the First Semantic Web Working Symposium},
	Editor = {Isabel Cruz and Stefan Decker and J{\'e}r{\^o}me Euzenat and Deborah McGuinness},
	Pages = {201--214},
	Publisher = IOS,
	Title = {A Framework for Ontology Integration},
	Year = 2002}

@inproceedings{CDLLR05,
	Author = {D. Calvanese and De Giacomo, G. and D. Lembo and M. Lenzerini and R. Rosati},
	Booktitle = AAAI-05,
	Pages = {602--607},
	Publisher = AAAI,
	Title = {{\sl DL-Lite}: {T}ractable Description Logics for Ontologies},
	Year = 2005}

@inproceedings{CDLLR06,
	Author = {D. Calvanese and De Giacomo, G. and D. Lembo and M. Lenzerini and R. Rosati},
	Booktitle = KR-06,
	Pages = {260--270},
	Title = {Data Complexity of Query Answering in Description Logics},
	Year = 2006}

@inproceedings{CDLL*08,
	Author = {Diego Calvanese and De Giacomo, Giuseppe and Domenico Lembo and Maurizio Lenzerini and Antonella Poggi and Riccardo Rosati and Marco Ruzzi},
	Booktitle = {Revised Selected Papers of the 3rd Int.\ Workshop on Semantics in Data and Knowledge Bases (SDKB~2008)},
	Editor = {Klaus-Dieter Schewe and Bernhard Thalheim},
	Pages = {26--47},
	Publisher = SV,
	Series = LNCS,
	Title = {Data Integration through {{\textit{DL-Lite}$_\mathcal{A}$}} Ontologies},
	Volume = 4925,
	Year = 2008}

@misc{wiki,
	Author = {Wikipedia},
	Note = {see \verb+http://en.wikipedia.org/wiki/Temporal_database+},
	Title = {Wikipedia, the free encyclopedia. {T}emporal {D}atabases}}

@book{chomicki:log-book-98,
	Editor = {J. Chomicki and G. Saake},
	Publisher = {Kluwer},
	Title = {Logics for Databases and Information Systems},
	Year = 1998}

@incollection{chomicki:toman:tl-book-98,
	Author = {J. Chomicki and D. Toman},
	Booktitle = {Logics for Databases and Information Systems},
	Chapter = 1,
	Editor = {J. Chomicki and G. Saake},
	Publisher = {Kluwer},
	Title = {Temporal Logic in Information Systems},
	Year = 1998}

@inproceedings{CCGPRST:02,
	Author = {Alessandro Cimatti and Edmund M. Clarke and Enrico Giunchiglia and Fausto Giunchiglia and Marco Pistore and Marco Roveri and Roberto Sebastiani and Armando Tacchella},
	Booktitle = {Proc.\ of the 14th Int.\ Conf.\ on Computer Aided Verification (CAV'02)},
	Pages = {359--364},
	Publisher = SV,
	Series = LNCS,
	Title = {{NuSMV}~2: An OpenSource Tool for Symbolic Model Checking},
	Volume = 2404,
	Year = {2002}}

@inproceedings{combi:et:al:er-08,
	Author = {C. Combi and S. Degani and C.~S. Jensen},
	Booktitle = ER-08,
	Pages = {397--411},
	Publisher = SV,
	Series = LNCS,
	Title = {Capturing Temporal Constraints in Temporal {ER} Models},
	Volume = 5231,
	Year = 2008}

@inproceedings{DFKM*08,
	Author = {Julian Dolby and Achille Fokoue and Aditya Kalyanpur and Li Ma and Edith Schonberg and Kavitha Srinivas and Xingzhi Sun},
	Booktitle = ISWC-08,
	Pages = {403--418},
	Publisher = SV,
	Series = LNCS,
	Title = {Scalable Grounded Conjunctive Query Evaluation over Large and Expressive Knowledge Bases},
	Volume = 5318,
	Year = 2008}

@article{elm85,
	Author = {Ramez Elmasri and James A. Weeldreyer and Alan R. Hevner},
	Doi = {10.1016/0169-023X(85)90027-8},
	Journal = DKE,
	Number = 1,
	Pages = {75-116},
	Title = {The Category Concept: An Extension to the Entity-Relationship Model},
	Topic = {eer[0.8] ecr[1]},
	Volume = 1,
	Year = 1985,
	Bdsk-Url-1 = {http://dx.doi.org/10.1016/0169-023X(85)90027-8}}

@incollection{EGS:98,
	Author = {O. Etzion and A. Gal and A. Segev},
	Booktitle = {Temporal Databases - Research and Practice},
	Editor = {O. Etzion and S. Jajodia and S. Sripada},
	Pages = {56--95},
	Publisher = SV,
	Series = LNCS,
	Title = {Extended Update Functionality in Temporal Databases},
	Year = 1998}

@incollection{finger:mcbrien:2000,
	Author = {Finger, M. and McBrien, P.},
	Booktitle = {Temporal Logics -- Mathematical Foundations and Computational Aspects},
	Opteditor = {D. Gabbay and M. Reynolds and M. Finger},
	Pages = {409--435},
	Publisher = OUP,
	Title = {Temporal Conceptual-Level Databases},
	Year = {2000}}

@inproceedings{FrNg00,
	Author = {Enrico Franconi and Gary Ng},
	Booktitle = KRDB-00,
	Pages = {45--53},
	Series = CEUR,
	Title = {The {i.com} tool for Intelligent Conceptual Modeling},
	Volume = 29,
	Year = 2000}

@inproceedings{franconi:sattler:dmdw-99,
	Author = {E.~Franconi and U.~Sattler},
	Booktitle = {Proc. of the Workshop on Design and Management of Data Warehouses ({DMDW}'99},
	Title = {A data warehouse conceptual data model for multidimensional aggregation},
	Year = {1999}}

@book{Gabbayetal94,
	Author = {D.~Gabbay and I.~Hodkinson and M.~Reynolds},
	Publisher = OUP,
	Title = {Temporal Logic: Mathematical Foundations and Computational Aspects},
	Volume = 1,
	Year = {1994}}

@book{GabbayFingerReynolds2000a,
	Author = {Dov Gabbay and Marcelo Finger and Mark Reynolds},
	Publisher = OUP,
	Title = {Temporal Logic: Mathematical Foundations and Computational Aspects},
	Volume = 2,
	Year = {2000}}

@book{GKWZ03,
	Author = {D. Gabbay and A. Kurucz and F. Wolter and M. Zakharyaschev},
	Publisher = {Studies in Logic. Elsevier},
	Title = {Many-dimensional modal logics: theory and applications},
	Year = {2003}}

@article{GoLR00,
	Author = {Francois Goasdoue and Veronique Lattes and Marie-Christine Rousset},
	Journal = IJCIS,
	Number = 4,
	Pages = {383--401},
	Title = {The use of {CARIN} Language and Algorithms for Information Integration: {T}he {P}icsel system},
	Volume = 9,
	Year = 2000}

@article{Gottlob:96,
	Address = {New York, NY, USA},
	Author = {Georg Gottlob and Michael Schrefl and Brigitte R{\"o}ck},
	Doi = {http://doi.acm.org/10.1145/230538.230540},
	Issn = {1046-8188},
	Journal = {ACM Transaction on Information Systems},
	Number = {3},
	Pages = {268--296},
	Publisher = {ACM Press},
	Title = {Extending object-oriented systems with roles},
	Volume = {14},
	Year = {1996},
	Bdsk-Url-1 = {http://doi.acm.org/10.1145/230538.230540}}

@article{gregersen:jensen:tkde-99,
	Author = {H. Gregersen and J.S. Jensen},
	Journal = TKDE,
	Number = 3,
	Pages = {464--497},
	Title = {Temporal {E}ntity-{R}elationship models---{A} Survey},
	Volume = 11,
	Year = 1999}

@techreport{gregersen:jensen:tr98,
	Author = {Gregersen, H. and Jensen, J.S.},
	Institution = {Aalborg University, Denmark},
	Number = {Time{C}enter TR-35},
	Title = {Conceptual Modeling of Time-Varying Information},
	Year = {1998}}

@inproceedings{gupta:hall:icde-91,
	Author = {G. Hall and R. Gupta},
	Booktitle = {Proc.\ of the 7th Int.\ Conf.\ on Data Engineering (ICDE'91)},
	Pages = {540--549},
	Publisher = {IEEE Computer Society},
	Title = {Modeling Transition},
	Year = 1991}

@inproceedings{gupta:hall:icde-92,
	Author = {R. Gupta and G. Hall},
	Booktitle = {Proc.\ of ICDE'92},
	Pages = {650--658},
	Publisher = {IEEE Computer Society},
	Title = {An Abstraction Mechanism for Modeling Generation},
	Year = 1992}

@article{HeHe01,
	Author = {Jeff Heflin and James Hendler},
	Journal = IEEE-IS,
	Number = 2,
	Pages = {54--59},
	Title = {A Portrait of the {S}emantic {W}eb in Action},
	Volume = 16,
	Year = 2001}

@incollection{HMAM*08,
	Author = {Stijn Heymans and Li Ma and Darko Anicic and Zhilei Ma and Nathalie Steinmetz and Yue Pan and Jing Mei and Achille Fokoue and Aditya Kalyanpur and Aaron Kershenbaum and Edith Schonberg and Kavitha Srinivas and Cristina Feier and Graham Hench and Branimir Wetzstein and Uwe Keller},
	Booktitle = {Ontology Management, Semantic Web, Semantic Web Services, and Business Applications},
	Opteditor = {Martin Hepp and De Leenheer, Pieter and de Moor, Aldo and York Sure},
	Pages = {89--128},
	Publisher = SV,
	Series = {Semantic Web And Beyond Computing for Human Experience},
	Title = {Ontology Reasoning with Large Data Repositories},
	Volume = 7,
	Year = 2008}

@article{hodk:wolter:mz:dec-tl:99,
	Author = {I. Hodkinson and F. Wolter and M. Zakharyaschev},
	Journal = {Annals of Pure and Applied Logic},
	Pages = {85-134},
	Title = {Decidable Fragments of first-order temporal logics},
	Volume = 106,
	Year = 2000}

@article{HoPH03,
	Author = {Ian Horrocks and Peter F. Patel-Schneider and Frank van Harmelen},
	Journal = JoWS,
	Number = 1,
	Pages = {7--26},
	Title = {From {$\mathcal{SHIQ}$} and {RDF} to {OWL}: The Making of a Web Ontology Language},
	Volume = 1,
	Year = 2003}

@article{jensen:soo:snod:94,
	Author = {C. S. Jensen and M. Soo and R. T. Snodgrass},
	Journal = {Information Systems},
	Number = 7,
	Pages = {513--547},
	Title = {Unifying Temporal Data Models via a Conceptual Model},
	Volume = 9,
	Year = 1994}

@incollection{glossary,
	Author = {C. S. Jensen and J. Clifford and S. K. Gadia and P. Hayes and S. Jajodia et al.},
	Booktitle = {Temporal Databases - Research and Practice},
	Editor = {O. Etzion and S. Jajodia and S. Sripada},
	Pages = {367--405},
	Publisher = SV,
	Title = {{The Consensus Glossary of Temporal Database Concepts}},
	Year = 1998}

@article{jensen:snodgrass:tkde-99,
	Author = {C. S. Jensen and R. T. Snodgrass},
	Journal = TKDE,
	Number = {1},
	Pages = {36--44},
	Title = {Temporal Data Management},
	Volume = 111,
	Year = 1999}

@inproceedings{Kambayashi:95,
	Author = {Yahiko Kambayashi and Zhiyong Peng},
	Booktitle = {Proc. of the 4th Int. Conf. on Database Systems for Advanced Applications (DASFAA)},
	Isbn = {981-02-2220-3},
	Pages = {1--15},
	Publisher = {World Scientific Press},
	Title = {Object Deputy Model and Its Applications},
	Year = {1995}}

@article{LeRo98b,
	Author = {Alon Y. Levy and Marie-Christine Rousset},
	Journal = AIJ,
	Number = {1--2},
	Pages = {165--209},
	Title = {Combining {H}orn Rules and Description Logics in {CARIN}},
	Volume = 104,
	Year = 1998}

@article{Li:Dong:94,
	Address = {Amsterdam, The Netherlands, The Netherlands},
	Author = {Qing Li and Guozhu Dong},
	Doi = {http://dx.doi.org/10.1016/0169-023X(94)00015-8},
	Issn = {0169-023X},
	Journal = DKE,
	Number = {3},
	Pages = {221--242},
	Publisher = {Elsevier Science Publishers B. V.},
	Title = {A framework for object migration in object-oriented databases},
	Volume = {13},
	Year = {1994},
	Bdsk-Url-1 = {http://dx.doi.org/10.1016/0169-023X(94)00015-8}}

@article{Li:98,
	Address = {Los Alamitos, CA, USA},
	Author = {Qing Li and Frederick H. Lochovsky},
	Doi = {http://doi.ieeecomputersociety.org/10.1109/69.683756},
	Issn = {1041-4347},
	Journal = TKDE,
	Number = {2},
	Pages = {255-276},
	Publisher = {IEEE Computer Society},
	Title = {ADOME: An Advanced Object Modeling Environment},
	Volume = {10},
	Year = {1998},
	Bdsk-Url-1 = {http://doi.ieeecomputersociety.org/10.1109/69.683756}}

@inproceedings{LuWoZa-TIME-08,
	Author = {C. Lutz and F. Wolter and M. Zakharyaschev},
	Booktitle = {Proc.\ of the 15th Int.\ Symposium on Temporal Representation and Reasoning (TIME 08)},
	Pages = {3--14},
	Publisher = {IEEE Computer Society},
	Title = {Temporal Description Logics: A Survey},
	Year = {2008}}

@inproceedings{mcbrien:et:al:cismod-92,
	Address = {Bangalore, India},
	Author = {McBrien, P. and Seltveit, A.H. and Wangler, B.},
	Booktitle = {Proc.\ of the Int.\ Conf.\ on Information Systems and Management of Data {(CISMOD'92)}},
	Pages = {244-260},
	Title = {An {E}ntity-{R}elationshiP Model Extended to Describe Historical Information},
	Year = {1992}}

@article{McWr98b,
	Author = {Deborah McGuinness and Jon R. Wright},
	Journal = {Artificial Intelligence for Engineering Design, Analysis, and Manufacturing. Special Issue on Configuration},
	Pages = {333--344},
	Title = {Conceptual Modelling for Configuration: {A} Description Logic-Based Approach},
	Volume = 12,
	Year = 1998}

@inproceedings{Mendelzon:94,
	Author = {Alberto O. Mendelzon and Tova Milo and Emmanuel Waller},
	Booktitle = {Proc. of the 13th ACM SIGACT-SIGMOD-SIGART Symposium on Principles of Database Systems (PODS 94)},
	Doi = {http://doi.acm.org/10.1145/182591.182616},
	Isbn = {0-89791-642-5},
	Location = {Minneapolis, Minnesota, United States},
	Optaddress = {New York, NY, USA},
	Pages = {232--242},
	Publisher = {ACM Press},
	Title = {Object Migration},
	Year = {1994},
	Bdsk-Url-1 = {http://doi.acm.org/10.1145/182591.182616}}

@inproceedings{MeLB05,
	Author = {Thomas Meyer and Kevin Lee and Richard Booth},
	Booktitle = AAAI-05,
	Pages = {645--650},
	Publisher = AAAI,
	Title = {Knowledge integration for Description Logics},
	Year = 2005}

@book{ElNa07,
	Author = {Ramez A. ElMasri and Shamkant B. Navathe},
	Edition = {5th},
	Publisher = AW,
	Title = {Fundamentals of Database Systems},
	Year = 2007}

@article{Noy04,
	Author = {Natalya F. Noy},
	Journal = SIGMODR,
	Number = 4,
	Pages = {65--70},
	Title = {Semantic Integration: {A} Survey Of Ontology-Based Approaches},
	Volume = 33,
	Year = 2004}

@inproceedings{Odberg:94,
	Address = {Secaucus, NJ, USA},
	Author = {Erik Odberg},
	Booktitle = {Proc. of the 6th Int. Conf. on Advanced information systems engineering ({CAiSE94})},
	Isbn = {0-387-58113-8},
	Location = {Utrecht, The Netherlands},
	Pages = {406--420},
	Publisher = {Springer-Verlag New York, Inc.},
	Series = LNCS,
	Title = {Category classes: flexible classification and evolution in object-oriented databases},
	Volume = 881,
	Year = {1994}}

@inproceedings{pacheco:97,
	Address = {London, UK},
	Author = {M. A. Pacheco e Silva},
	Booktitle = {Proc. of the IFIP TC11 Working Group 11.5, First Working Conf. on Integrity and Internal Control in Information Systems},
	Isbn = {0-412-82600-3},
	Pages = {65--87},
	Publisher = {Chapman \& Hall, Ltd.},
	Title = {Dynamic Integrity Constraints Definition and Enforcement in Databases: A Classification Framework},
	Year = {1997}}

@inproceedings{Papazoglou:94,
	Author = {Mike P. Papazoglou and Bernd J. Kramer and Athman Bouguettaya},
	Booktitle = {Int. Conf. on Conceptual Modeling / the Entity Relationship Approach},
	Pages = {223-240},
	Publisher = SV,
	Series = LNCS,
	Title = {On the Representation of Objects with Polymorphic Shape and Behaviour},
	Volume = {881},
	Year = {1994}}

@inproceedings{Pernici:90,
	Address = {New York, NY, USA},
	Author = {B. Pernici},
	Booktitle = {Proc. of the ACM SIGOIS and IEEE CS TC-OA conference on Office information systems},
	Doi = {http://doi.acm.org/10.1145/91474.91542},
	Isbn = {0-89791-358-2},
	Location = {Cambridge, Massachusetts, United States},
	Pages = {205--215},
	Publisher = {ACM Press},
	Title = {Objects with roles},
	Year = {1990},
	Bdsk-Url-1 = {http://doi.acm.org/10.1145/91474.91542}}

@article{PSZ:IS-05,
	Author = {Parent, C. and Spaccapietra, S. and Zimanyi, E.},
	Journal = {Information Systems},
	Number = {8},
	Pages = {733-769},
	Title = {The {M}ur{M}ur Project: Modeling and Querying Multi-Representation Spatio-Temporal Databases},
	Volume = {31},
	Year = {2006}}

@article{PLCD*08,
	Author = {Antonella Poggi and Domenico Lembo and Diego Calvanese and De Giacomo, Giuseppe and Maurizio Lenzerini and Riccardo Rosati},
	Journal = JoDS,
	Pages = {133--173},
	Title = {Linking Data to Ontologies},
	Volume = {X},
	Year = 2008}

@inproceedings{spaccapietra:etal:cikm98,
	Author = {Spaccapietra, S. and Parent, C. and Zimanyi, E.},
	Booktitle = {Int. Conf. on Information and Knowledge Management (CIKM98)},
	Title = {Modeling Time from a Conceptual Perspective},
	Year = {1998}}

@book{mads-book:06,
	Author = {Parent, C. and Spaccapietra, S. and Zimanyi, E.},
	Publisher = SV,
	Title = {Conceptual Modeling for Traditional and Spatio-Temporal Applications---{T}he {MADS} Approach},
	Year = {2006}}

@article{Su97,
	Author = {Jianwen Su},
	Bibsource = {DBLP, http://dblp.uni-trier.de},
	Ee = {http://dx.doi.org/10.1016/S0304-3975(96)00142-9},
	Journal = TCS,
	Number = {1-2},
	Pages = {195-236},
	Title = {Dynamic Constraints and Object Migration},
	Volume = {184},
	Year = {1997}}

@inproceedings{tauzovich:er-91,
	Author = {B.~Tauzovich},
	Booktitle = ER-91,
	Pages = {163--179},
	Publisher = {ER Institute},
	Title = {Towards temporal extensions to the entity-relationship model},
	Year = 1991}

@article{theodoulidis:et:al:is-91,
	Author = {Theodoulidis, C. and Loucopoulos, P. and B. Wangler},
	Journal = {Information Systems},
	Number = 3,
	Pages = {401-416},
	Title = {A Conceptual Modelling Formalism for Temporal Database Applications},
	Volume = 16,
	Year = 1991}

@inproceedings{wolter:zak:kr-98,
	Address = KR98L,
	Author = {F. Wolter and M. Zakharyaschev},
	Booktitle = KR98P,
	Month = {June},
	Pages = {512--523},
	Title = {Satisfiability Problem in Description Logics with Modal Operators},
	Year = {1998}}

@incollection{wolter:zak:frocos99,
	Author = {Wolter, F. and Zakharyaschev, M.},
	Booktitle = {Frontiers of Combining Systems},
	Editor = {Gabbay, D. and de Rijke, M.},
	Note = {Also in the Proceedings of {\em FroCoS'98}, Amsterdam, 1998},
	Publisher = {Studies Press-Wiley},
	Title = {Temporalizing Description Logics},
	Year = {1999}}

@article{WoZa99b,
	Author = {Wolter, F. and Zakharyaschev, M.},
	Journal = {Fundamenta Informatic\ae},
	Pages = {411-438},
	Title = {Modal Description Logics: Modalizing Roles},
	Volume = 39,
	Year = 1999}

@book{1994-papadimitriou,
	Address = {Reading, Massachusetts},
	Author = {Christos M. Papadimitriou},
	Isbn = {0201530821},
	Publisher = {Addison-Wesley},
	Title = {Computational complexity},
	Year = {1994}}

@inproceedings{Schild93,
	Address = {London, UK},
	Author = {Schild, Klaus},
	Booktitle = {Proc.\ of the 6th Portuguese Conf.\ on Artificial Intelligence (EPIA'93)},
	Isbn = {3-540-57287-2},
	Pages = {105--120},
	Publisher = SV,
	Title = {Combining Terminological Logics with Tense Logic},
	Year = {1993}}

@inproceedings{BaaGhiLu-KR08,
	Author = {Franz Baader and Silvio Ghilardi and Carsten Lutz},
	Booktitle = KR-08,
	Pages = {684--694},
	Publisher = AAAI,
	Title = {{LTL} over Description Logic Axioms},
	Year = {2008}}

@article{BaaderGL12,
	Author = {Franz Baader and Silvio Ghilardi and Carsten Lutz},
	Journal = TOCL,
	Number = {3},
	Optpages = {21},
	Title = {{LTL} over Description Logic Axioms},
	Volume = {13},
	Year = {2012}}

@book{Koze06,
	Address = {New York},
	Author = {Dexter Kozen},
	Isbn = {13: 978-1-84628-297-3},
	Publisher = SV,
	Title = {Theory of Computation},
	Year = 2006}

@article{to-ufa,
	Address = {Amsterdam, The Netherlands, The Netherlands},
	Author = {To, Anthony Widjaja},
	Doi = {http://dx.doi.org/10.1016/j.ipl.2009.06.005},
	Issn = {0020-0190},
	Journal = IPL,
	Number = {17},
	Pages = {1010--1014},
	Publisher = {Elsevier North-Holland, Inc.},
	Title = {Unary finite automata vs. arithmetic progressions},
	Volume = {109},
	Year = {2009},
	Bdsk-Url-1 = {http://dx.doi.org/10.1016/j.ipl.2009.06.005}}

@article{chrobak-ufa,
	Address = {Essex, UK},
	Author = {Chrobak, M},
	Issn = {0304-3975},
	Journal = TCS,
	Number = {2},
	Pages = {149--158},
	Publisher = {Elsevier Science Publishers Ltd.},
	Title = {Finite automata and unary languages},
	Volume = {47},
	Year = {1986}}

@book{RJB:05,
	Address = {Boston, MA},
	Author = {James Rumbaugh and Ivar Jacobson and Grady Booch},
	Edition = {2nd},
	Isbn = {978-0-321-24562-5},
	Publisher = {Addison-Wesley},
	Title = {The {Unified Modeling Language} Reference Manual},
	Year = 2005}

@article{Rey:10,
	Author = {M. Reynolds},
	Journal = {Journal of Studies in Logic},
	Number = {1},
	Pages = {19--50},
	Series = {Special Issue: Extended versions of Papers presented at ICLC 2009 (International Conference in Logic and Cognition)},
	Title = {The Complexity of Decision Problems for Linear Temporal Logics},
	Volume = {3},
	Year = {2010}}

@inproceedings{schmiedel:90,
	Author = {A.~Schmiedel},
	Booktitle = {Proc.\ of the 8th National Conf. on Artificial Intelligence (AAAI 90)},
	Pages = {640--645},
	Publisher = {AAAI Press / The MIT Press},
	Title = {A temporal terminological logic},
	Year = {1990}}

@article{Bett97,
	Author = {Claudio Bettini},
	Journal = DKE,
	Number = {1},
	Pages = {1--38},
	Title = {Time Dependent Concepts: Representation and Reasoning Using Temporal Description Logics},
	Volume = {22},
	Year = {1997}}

@article{rozier2010ltl,
	Author = {Rozier, Kristin and Vardi, Moshe},
	Journal = {International journal on software tools for technology transfer},
	Number = {2},
	Pages = {123--137},
	Publisher = {Springer},
	Title = {LTL satisfiability checking},
	Volume = {12},
	Year = {2010}}

@inproceedings{CalvaneseGL01,
	Author = {Diego Calvanese and Giuseppe {De Giacomo} and Maurizio Lenzerini},
	Bibsource = {dblp computer science bibliography, http://dblp.org},
	Biburl = {http://dblp.uni-trier.de/rec/bib/conf/ijcai/CalvaneseGL01},
	Booktitle = {Proceedings of the Seventeenth International Joint Conference on Artificial Intelligence, {IJCAI}-01},
	Pages = {155--160},
	Publisher = {Morgan Kaufmann},
	Title = {Identification Constraints and Functional Dependencies in Description Logics},
	Year = {2001}}

@article{Mitchell83,
	Author = {John C. Mitchell},
	Bibsource = {dblp computer science bibliography, http://dblp.org},
	Biburl = {http://dblp.uni-trier.de/rec/bib/journals/iandc/Mitchell83},
	Doi = {10.1016/S0019-9958(83)80002-3},
	Journal = {Information and Control},
	Number = {3},
	Pages = {154--173},
	Timestamp = {Wed, 06 Jul 2011 21:25:10 +0200},
	Title = {The Implication Problem for Functional and Inclusion Dependencies},
	Url = {http://dx.doi.org/10.1016/S0019-9958(83)80002-3},
	Volume = {56},
	Year = {1983},
	Bdsk-Url-1 = {http://dx.doi.org/10.1016/S0019-9958(83)80002-3}}

@article{ChandraV85,
	Author = {Chandra, Ashok K. and Vardi, Moshe Y.},
	Biburl = {http://www.bibsonomy.org/bibtex/2fe0ac2ceda541e9c98c09534a7c3692d/dblp},
	Ee = {http://dx.doi.org/10.1137/0214049},
	Journal = {SIAM Journal on Compututing},
	Number = 3,
	Pages = {671-677},
	Timestamp = {2011-04-29T15:07:18.000+0200},
	Title = {The Implication Problem for Functional and Inclusion Dependencies is Undecidable.},
	Url = {http://dblp.uni-trier.de/db/journals/siamcomp/siamcomp14.html#ChandraV85},
	Volume = 14,
	Year = 1985,
	Bdsk-Url-1 = {http://dblp.uni-trier.de/db/journals/siamcomp/siamcomp14.html#ChandraV85}}

@book{AbiteboulHV95,
	Author = {Abiteboul, Serge and Hull, Richard and Vianu, Victor},
	Biburl = {http://www.bibsonomy.org/bibtex/2582b9d5c2e6f65e2324a172bc7795c84/dblp},
	Isbn = {0-201-53771-0},
	Keywords = {dblp},
	Publisher = {Addison-Wesley},
	Timestamp = {2015-06-18T09:50:49.000+0200},
	Title = {Foundations of Databases.},
	Url = {http://dblp.uni-trier.de/db/books/dbtext/abiteboul95.html},
	Year = 1995,
	Bdsk-Url-1 = {http://dblp.uni-trier.de/db/books/dbtext/abiteboul95.html}}

@article{AF:DL16,
	Author = {Alessandro Artale and Enrico Franconi},
	Journal = {CoRR},
	Month = {April},
	Title = {Extending {DLR} with Labelled Tuples, Projections, Functional Dependencies and Objectification (full version)},
	Url = {http://arxiv.org/abs/1604.00799},
	Volume = {abs/1604.00799},
	Year = {2016},
	Bdsk-Url-1 = {http://arxiv.org/abs/1604.00799}}

@inproceedings{HorrocksSTT00,
	Author = {Ian Horrocks and Ulrike Sattler and Sergio Tessaris and Stephan Tobies},
	Bibsource = {dblp computer science bibliography, http://dblp.org},
	Biburl = {http://dblp.uni-trier.de/rec/bib/conf/lpar/HorrocksSTT00},
	Booktitle = {7th International Conference on Logic for Programming and Automated Reasoning ({LPAR}00), 2000},
	Doi = {10.1007/3-540-44404-1_21},
	Pages = {326--343},
	Title = {How to Decide Query Containment Under Constraints Using a Description Logic},
	Year = {2000},
	Bdsk-Url-1 = {http://dx.doi.org/10.1007/3-540-44404-1_21}}

@misc{OWL2QL,
	Author = {B. Motik and B. Cuenca Grau and I. Horrocks and Z. Wu and A. Fokoue and C. Lutz. (Eds.)},
	Note = {W3C Recommendation, World Wide Web Consortium, Available at http://www.w3.org/TR/owl2-profiles/},
	Title = {{OWL} 2 Web Ontology Language -- Profiles (2nd edition)},
	Year = {2012}}
